@book{perez2020,
  author = {Juan Pérez},
  title = {Políticas Públicas en Colombia},
  publisher = {Editorial Universitaria},
  year = {2020}
}


@article{gonzalez2019,
  author = {Marta González},
  title = {Impacto de las Políticas Sociales en la Sociedad},
  journal = {Revista de Ciencias Sociales},
  volume = {14},
  number = {3},
  pages = {150-175},
  year = {2019}
}

@footnote{1,
  author = {Resiez},
  title = {Políticas Públicas en Colombia},
  year = {2020}
}